<record><leader>00000cas a22000007a 4500</leader><controlfield tag="001">12442320</controlfield><controlfield tag="008">850830d18841960utuwr ne      0    0eng d</controlfield><datafield ind1=" " ind2=" " tag="010"><subfield code="a">sn 85058233 </subfield></datafield><datafield ind1=" " ind2=" " tag="040"><subfield code="a">UNP</subfield><subfield code="b">eng</subfield><subfield code="c">UNP</subfield><subfield code="d">NJW</subfield><subfield code="d">CNK</subfield><subfield code="d">CUS</subfield><subfield code="d">OCLCQ</subfield><subfield code="d">OCLCF</subfield><subfield code="d">OCLCO</subfield></datafield><datafield ind1="1" ind2=" " tag="029"><subfield code="a">AU@</subfield><subfield code="b">000040998008</subfield></datafield><datafield ind1=" " ind2=" " tag="042"><subfield code="a">msc</subfield></datafield><datafield ind1=" " ind2=" " tag="043"><subfield code="a">n-us-ut</subfield></datafield><datafield ind1="0" ind2=" " tag="130"><subfield code="a">Park record (Park City, Utah : 1884)</subfield></datafield><datafield ind1="1" ind2="4" tag="245"><subfield code="a">The Park record.</subfield></datafield><datafield ind1=" " ind2=" " tag="260"><subfield code="a">Park City, Utah :</subfield><subfield code="b">J.J. Buser,</subfield><subfield code="c">1884-</subfield></datafield><datafield ind1=" " ind2=" " tag="300"><subfield code="a">v. :</subfield><subfield code="b">ill. ;</subfield><subfield code="c">60 cm.</subfield></datafield><datafield ind1=" " ind2=" " tag="310"><subfield code="a">Weekly</subfield></datafield><datafield ind1="0" ind2=" " tag="362"><subfield code="a">Vol. 6, no. 43 (Nov. 29, 1884)-</subfield></datafield><datafield ind1="1" ind2=" " tag="362"><subfield code="a">Ceased in 1960.</subfield></datafield><datafield ind1=" " ind2=" " tag="515"><subfield code="a">Vol. 4 misnumbered as v. 6.</subfield></datafield><datafield ind1=" " ind2=" " tag="580"><subfield code="a">Printed in Morgan, Utah at the office of: Morgan County news, for distribution in Park City, Utah, Apr. 19, 1956-1960.</subfield></datafield><datafield ind1=" " ind2="0" tag="651"><subfield code="a">Park City (Utah)</subfield><subfield code="v">Newspapers.</subfield></datafield><datafield ind1=" " ind2="7" tag="655"><subfield code="a">Newspapers.</subfield><subfield code="2">fast</subfield><subfield code="0">(OCoLC)fst01423814</subfield></datafield><datafield ind1=" " ind2="7" tag="651"><subfield code="a">Utah</subfield><subfield code="z">Park City.</subfield><subfield code="2">fast</subfield><subfield code="0">(OCoLC)fst01225410</subfield></datafield><datafield ind1=" " ind2=" " tag="752"><subfield code="a">United States</subfield><subfield code="b">Utah</subfield><subfield code="c">Summit</subfield><subfield code="d">Park City.</subfield></datafield><datafield ind1=" " ind2=" " tag="752"><subfield code="a">United States</subfield><subfield code="b">Utah</subfield><subfield code="c">Morgan</subfield><subfield code="d">Morgan.</subfield></datafield><datafield ind1="0" ind2="0" tag="780"><subfield code="t">Park mining record</subfield><subfield code="w">(DLC)sn 85058232</subfield><subfield code="w">(OCoLC)12442279</subfield></datafield><datafield ind1="0" ind2="7" tag="785"><subfield code="t">Summit County bee (Coalville, Utah : 1923)</subfield><subfield code="w">(DLC)sn 85058218</subfield><subfield code="w">(OCoLC)12429071</subfield></datafield><datafield ind1="0" ind2="7" tag="785"><subfield code="t">Summit County bee and Park record</subfield><subfield code="w">(DLC)sn 85058219</subfield><subfield code="w">(OCoLC)12429102</subfield></datafield><datafield ind1="1" ind2=" " tag="787"><subfield code="t">Morgan County news</subfield><subfield code="w">(DLC)sn 85058155</subfield><subfield code="w">(OCoLC)12248944</subfield></datafield></record>